<?xml version="1.0" encoding="UTF-8"?><record xmlns="http://www.loc.gov/MARC21/slim" xmlns:cinclude="http://apache.org/cocoon/include/1.0" xmlns:zs="http://www.loc.gov/zing/srw/">
  <leader>00350cz  a2200133n  4500</leader>
  <controlfield tag="001">n 2005200210</controlfield>
  <controlfield tag="003">DLC</controlfield>
  <controlfield tag="005">20060105012221.0</controlfield>
  <controlfield tag="008">060105n| acannaabn          |a aaa      </controlfield>
  <datafield tag="010" ind1=" " ind2=" ">
    <subfield code="a">n 2005200210</subfield>
  </datafield>
  <datafield tag="040" ind1=" " ind2=" ">
    <subfield code="a">DLC</subfield>
    <subfield code="b">eng</subfield>
    <subfield code="c">DLC</subfield>
  </datafield>
  <datafield tag="100" ind1="1" ind2=" ">
    <subfield code="a">ʻĀrif, Pākīzah</subfield>
  </datafield>
  <datafield tag="400" ind1="0" ind2=" ">
    <subfield code="a">Pākīzah ʻArif</subfield>
  </datafield>
  <datafield tag="670" ind1=" " ind2=" ">
    <subfield code="a">ʻĀrif nāmah, 2004:</subfield>
    <subfield code="b">t.p. (Pākīzah ʻĀrif)</subfield>
  </datafield>
</record>